@book{chartrand2018mathematical,
  author = {Chartrand, Gary and Polimeni, Albert D. and Zhang, Ping},
  edition = "{Fourth}",
  isbn = {978-0134746753},
  publisher = {Pearson},
  title = "{Mathematical Proofs: A Transition to Advanced Mathematics}",
  year = 2018
	}